@inproceedings{quantum_comp,
    author = {Roetteler, Martin and Naehrig, Michael and Svore, Krysta and Lauter, Kristin},
    year = {2017},
    month = {11},
    pages = {241-270},
    title = {Quantum Resource Estimates for Computing
Elliptic Curve Discrete Logarithms},
    isbn = {978-3-319-70696-2},
    doi = {10.1007/978-3-319-70697-9_9}
}

@inbook{BitSecurityOfCryptographicPrimitives,
  author = {Micciancio, Daniele and Walter, Michael},
  year = {2018},
  month = {03},
  pages = {3-28},
  title = {On the Bit Security of Cryptographic Primitives},
  isbn = {978-3-319-78380-2},
  doi = {10.1007/978-3-319-78381-9_1}
}
@article{Secp256k1Security,
  author = {Balasubramanian, Kannan},
  year = {2024},
  month = {05},
  pages = {1-5},
  title = {Security of the Secp256k1 Elliptic Curve used in the Bitcoin Blockchain},
  volume = {4},
  journal = {Indian Journal of Cryptography and Network Security},
  doi = {10.54105/ijcns.A1426.04010524}
}
@article{SolvingECDLP,
  author = {Puneet Gil},
  year = {2019},
  month = {05},
  day = {18},
  title = {Solving Elliptic Curve Discrete Logarithm Problem Using Parallelized Pollard’s Rho and Lambda Methods},
}
@inbook{GNFSImplementation,
  author = {Bernstein, Daniel and Lenstra, A.},
  year = {2006},
  month = {11},
  pages = {103-126},
  title = {A general number field sieve implementation},
  volume = {1554},
  isbn = {978-3-540-57013-4},
  journal = {Lecture Notes in Mathematics},
  doi = {10.1007/BFb0091541}
}

@misc{SafeCurves,
  title = {Choosing safe curves for elliptic-curve cryptography},
  url = {https://safecurves.cr.yp.to/},
  journal = {SafeCurves},
  author = {Bernstein, Daniel J. and Lange, Tanja}
}

@misc{ConsoleHacking2010,
  title = {PSGroove.com - Console Hacking 2010 Part 3 - Chaos Communication Congress},
  url = {https://www.youtube.com/watch?v=84WI-jSgNMQ},
  journal = {YouTube},
  publisher = {YouTube}
}

@article{WeakCurvesInEllipticCurveCryptography,
  author = {Novotney, Peter},
  title = {Weak Curves In Elliptic Curve Cryptography}
}

@misc{PracticalCryptographyForDevelopers,
  url = {https://cryptobook.nakov.com/asymmetric-key-ciphers/elliptic-curve-cryptography-ecc#choosing-an-elliptic-curve-for-ecc},
  journal = {Practical Cryptography for Developers}
}
@misc{SeriouslyStopUsingRsa,
  title = {Seriously, stop using RSA},
  url = {https://blog.trailofbits.com/2019/07/08/fuck-rsa/},
  journal = {Trail of Bits Blog},
  year = {2019},
  month = {07},
  day = {08},
  author = {Trail of Bits}
}
@misc{ssl2buy,
  title = {Symmetric vs. Asymmetric Encryption – What are differences?},
  url = {https://www.ssl2buy.com/wiki/symmetric-vs-asymmetric-encryption-what-are-differences},
  author = {Nikita Gupta}
}

