%%%%%%%%%%%%%%%%%%%%%%%%%%%%%%%%%%%%%%%%%%%%%%%%%%%%%%%%%%%%%%%%%%%%%%%%%
% Typy bibliografii:
%  - artykuł z czasopisma,
%  - artykuł z konferencji,
%  - materiały konferencyjne,
%  - książka,
%  - fragment książki,
%  - książka z serii,
%  - krótka broszura,
%  - praca magisterska,
%  - praca doktorska,
%  - instrukcja obsługi,
%  - raport techniczny,
%  - materiały nieopublikowane,
%  - inne typy materiałów źródłowych.
% Więcej informacji na stronie https://www.bibtex.com/
%%%%%%%%%%%%%%%%%%%%%%%%%%%%%%%%%%%%%%%%%%%%%%%%%%%%%%%%%%%%%%%%%%%%%%%%%

%%%%%%%%%%%%%%%%%%%%%%%%%%%%%%%%%%%%%%%%%%%%%%%%%%%%%%%%%%%%%%%%%%%%%%%%%
% Artykuły naukowe z czasopism i konferencji
%%%%%%%%%%%%%%%%%%%%%%%%%%%%%%%%%%%%%%%%%%%%%%%%%%%%%%%%%%%%%%%%%%%%%%%%%
% Article - artykuł z czasopisma.
% Wymagane pola: author, title, journal, year.
% Opcjonalne pola: volume, number, pages, month, note.
@inbook{BitSecurityOfCryptographicPrimitives,
author = {Micciancio, Daniele and Walter, Michael},
year = {2018},
month = {03},
pages = {3-28},
title = {On the Bit Security of Cryptographic Primitives},
isbn = {978-3-319-78380-2},
doi = {10.1007/978-3-319-78381-9_1}
}
